<record><leader>00000cas a22000007a 4500</leader><controlfield tag="001">9546128</controlfield><controlfield tag="008">830525d18271829mauwr ne      0    0eng d</controlfield><controlfield tag="009">3768</controlfield><datafield ind1=" " ind2=" " tag="010"><subfield code="a">sn 83020766 </subfield></datafield><datafield ind1=" " ind2=" " tag="040"><subfield code="a">NPX</subfield><subfield code="b">eng</subfield><subfield code="c">NPX</subfield><subfield code="d">MGN</subfield><subfield code="d">KRTAS</subfield></datafield><datafield ind1=" " ind2=" " tag="042"><subfield code="a">msc</subfield></datafield><datafield ind1=" " ind2=" " tag="043"><subfield code="a">n-us-ma</subfield></datafield><datafield ind1="0" ind2="0" tag="245"><subfield code="a">Commonwealth's advocate.</subfield></datafield><datafield ind1=" " ind2=" " tag="260"><subfield code="a">Taunton, Mass. :</subfield><subfield code="b">Danforth &amp; Thurber,</subfield></datafield><datafield ind1=" " ind2=" " tag="300"><subfield code="a">v. ;</subfield><subfield code="c">53 cm.</subfield></datafield><datafield ind1=" " ind2=" " tag="310"><subfield code="a">Weekly</subfield></datafield><datafield ind1="0" ind2=" " tag="362"><subfield code="a">Vol. 1, no 1 (Feb. 23, 1827)-</subfield></datafield><datafield ind1="1" ind2=" " tag="362"><subfield code="a">Ceased in 1829.</subfield></datafield><datafield ind1=" " ind2=" " tag="500"><subfield code="a">"Espoused the cause of Masonry." Cf. Emery, S.H.  Hist. of Taunton, Mass., 1893.</subfield></datafield><datafield ind1=" " ind2=" " tag="752"><subfield code="a">United States</subfield><subfield code="b">Massachusetts</subfield><subfield code="c">Bristol</subfield><subfield code="d">Taunton.</subfield></datafield><datafield ind1="0" ind2="0" tag="785"><subfield code="t">Advocate (Taunton, Mass.)</subfield><subfield code="w">(DLC)sn 83020767</subfield></datafield><datafield ind1=" " ind2=" " tag="938"><subfield code="a">Kirtas Technologies, Inc.</subfield><subfield code="b">KRTS</subfield><subfield code="n">736757</subfield></datafield></record>